@book{shapiro2009lectures,
  title={Lectures on stochastic programming: modeling and theory},
  author={Shapiro, Alexander and Dentcheva, Darinka and Ruszczy{\'n}ski, Andrzej},
  year={2009},
  publisher={SIAM}
}

@incollection{carpentier2015stochastic,
	title={Stochastic multi-stage optimization},
	author={Carpentier, Pierre and Chancelier, Jean-Philippe and Cohen, Guy and De Lara, Michel},
	booktitle={Probability Theory and Stochastic Modelling},
	volume={75},
	year={2015},
	publisher={Springer}
}
